
@article{Barroca99, 
	author = "Leonor Barroca and Jon Hall and Patrick Hall",
	title = "An Introduction and History of Software Architectures, Components and Reuse",
	year = "1999",
	journal = "Software Architectures: Advances and Applications",
	publisher = "Springer Verlag",
	address = "New York",
	pages = "1--11"
}

@inproceedings{Randell79,
	author = "Brian Randell",
	title = "Software engineering in 1968",
	booktitle = "Proceedings of the 4th international conference on Software engineering",
	year = "1979",
	publisher = "IEEE Computer Society",
	address = "Piscataway, NJ, USA",
	pages = "1--10"
}

@inproceedings{Randell70,
	editor = "Brian Randell and John Buxton",
	title = "Theory and practice",
	booktitle = "SOFTWARE ENGINEERING TECHNIQUES Report on a conference sponsored by the NATO Science Committee",
	year = "1970",
	publisher = "Scientific Affairs Division, NATO",
	address = "Brussels, Belgium",
	pages = "9--14"
}

@book{Brooks75,
	author = "Frederick Brooks",
	title = "The Mythical Man-Month: Essays on Software Engineering",
	year = "1975",
	publisher = "Addison-Wesley"
	address = "New York"
}

@article{Parnas72,
	author = "David Parnas",
	title = "On the criteria to be used in decomposing systems into modules",
	year = "1972",
	journal = "Communications of the ACM",
	volume = "15",
	number = "12",
	pages = "1053--1058"
}

@inbook{Dijkstra82,
	author = "Edsger Dijkstra",
	title = "Selected Writings on Computing: A Personal Perspective (Texts and Monographs in Computer Science)",
	chapter = "On the role of scientific thought",
	publisher = "Springer-Verlag",
	year = "1982",
	address = "New York",
	pages = "60--66"
}

@inbook{Shaw96,
	author = "Mary Shaw and David Garlan",
	title = "Software Architecture: Perspectives on an Emerging Discipline",
	chapter = "Introduction",
	publisher = "Prentice Hall",
	address = "Alexandria, VA",
	year = "1996",
	pages = "1--18"
}

@inproceedings{Parnas76,
	author = "David Parnas and H. Würges",
	title = "Response to undesired events in software systems",
	booktitle = "Proceedings of the 2nd international conference on Software engineering",
	publisher = "IEEE Computer Society Press",
	address = "Los Alamitos, CA, USA",
	year = "1976",
	pages = "437--446"
}

@inbook{Naik08,
	author = "Kshirasagar Naik, Priyadarshi Tripathy",
	title = "Software Testing and Quality Assurance: Theory and Practice",
	chapter = "Software Quality",
	publisher = "Wiley",
	address = "New York",
	year = "2008",
	pages = "519--545"
}

@article{Canning72,
	author = "Richard Canning",
	title = "The Maintenance Iceberg",
	journal = "EDP Analyzer",
	volume = "10",
	number = "10",
	year = "1972",
	pages = "1--14"
}

@inproceedings{Swanson76,
	author = "E. Burton Swanson",
	title = "The dimensions of maintenance",
	booktitle = "Proceedings of the 2nd international conference on Software engineering",
	publisher = "IEEE Computer Society Press",
	address = "Los Alamitos, CA, USA",
	year = "1976",
	pages = "492-497"
}

@inbook{Naik08,
	author = "Kshirasagar Naik, Priyadarshi Tripathy",
	title = "Software Testing and Quality Assurance: Theory and Practice",
	chapter = "Maturity Models",
	publisher = "Wiley",
	address = "New York",
	year = "2008",
	pages = "546--580"
}

@inbook{Boehm81,
	author = "Barry William Boehm",
	title = "Software Engineering Economics (Prentice-Hall Advances in Computing Science & Technology Series)",
	chapter = "Software Maintenance Cost Estimation",
	publisher = "Prentice Hall",
	address = "Upper Saddle River, New Jersey",
	year = "1981",
	pages = "533--555"
}

@article{Lientz81,
	author = "Bennet P. Lientz and E. Burton Swanson",
	title = "Problems in application software maintenance",
	year = "1981",
	journal = "Communications of the ACM",
	volume = "24",
	number = "11",
	pages = "763--769"
}

@article{Lehman80,
	author = "M. M. Lehman",
	title = "Programs, Life Cycles, and Laws of Software Evolution",
	journal = "Proceedings of the IEEE",
	volume = "68",
	number = "9",
	year = "1980",
	pages = "1060--1076"
}

@article{Perry92,
	author = "Dewayne E. Perry and Alexander L. Wolf",
	title = "Foundations for the study of software architecture",
	journal = "ACM SIGSOFT Software Engineering Notes",
	volume = "17",
	number = "4",
	year = "1992",
	pages = "40--52"
}

@phdtesis{Dashofy07,
	author = "E. M. Dashofy",
	title = "Supporting Stakeholder-driven, Multi-view Software Architecture Modeling",
	year = "2007",
	school = "University of California Irvine"
}

@incollection{Garlan00,
	author = {David Garlan and Robert T. Monroe and David Wile},
	title = {Acme: Architectural Description of Component-Based Systems},
	booktitle = {Foundations of Component-Based Systems},
	year = "2000",
	publisher = {Cambridge University Press},
	address = {New York},
	pages = "47--68"
}

@inproceedings{Kickzales97,
	author = "G. Kiczales and J. Lamping and A. Mendhekar and C. Maeda and C. Lopes and J. Loingtier and others",
	title = "Aspect-Oriented Programming",
	booktitle = "Proceedings of the European Conference on Object-Oriented Programming (ECOOP)",
	publisher = "Springer-Verlag",
	address = "Jyväskylä, Finland",
	year = "1997",
	pages = "220--242"
}

@inbook{Laddad09,
	author = "R. Laddad",
	title = "AspectJ in Action: Enterprise AOP with Spring",
	edition = "2",
	chapter = "Discovering AOP",
	year = "2009",
	publisher = "Manning Publications",
	address = "Greenwich",
	pages = "3--26"
}

@inbook{Laddad09,
	author = "R. Laddad",
	title = "AspectJ in Action: Enterprise AOP with Spring",
	edition = "2",
	chapter = "A real-world perspective of AOP",
	year = "2009",
	publisher = "Manning Publications",
	address = "Greenwich",
	pages = "xxxvii-xlv"
}

@book{Jarvis95,
	editor = "A. Jarvis and R. Kehoe",
	title = "ISO 9000-3: A Tool for Software Product and Process Improvement",
	year = "1995",
	publisher = "Springer",
	address = "New York"
}

@book{ISO07,
	editor = "ISO/IEC JTC 1/SC 7/WG, I. J.",
	title = "ISO/IEC 9126-1:2001, Software engineering -- Product quality -- Part 1: Quality model",
	year = "2007",
	publisher = "American National Standards Institute (ANSI)"
}

@inproceedings{Suryn03,
	author = "W. Suryn and A. Abran and A. April",
	title = "ISO/IEC SQuaRE. The Second Generation of Standards for Software Product Quality",
	booktitle = "Proceedings of the Software and Engineering Applications Conference: Sea 2003",
	address = "Marina del Rey, USA",
	year = "2003"
}

@inproceedings{Dorfmann94,
	author = "M. Dorfmann and E. R. Byrne and S. Garcia and R. Harwell and L. Miller and B. Sabor and others",
	title = "Requirements engineering standardization",
	booktitle = "Proceedings the First International Conference on Requirements Engineering",
	year = "1994",
	publisher = "IEEE",
	address = "Piscawtaway, NJ",
	pages = "57--63"
}

@article{Edelstein93,
	author = "D. V. Edelstein",
	title = "Report on the IEEE STD 1219–1993-Standard for Software Maintenance",
	journal = "ACM SIGSOFT Software Engineering Notes",
	volume = "18",
	number = "4",
	year = "1993",
	pages = "94--95"
}

@article{Coleman94,
	author = "D. Coleman and D. Ash and B. Lowther and P. Oman",
	title = "Using Metrics to Evaluate Software System Maintainability",
	journal = "Computer",
	volume = "27",
	number = "8",
	year = "1994",
	pages = "44--49"
}

@inproceedings{Honglei09,
	author = "T. Honglei and S. Wei and Z. Yanan",
	title = "The Research on Software Metrics and Software Complexity Metrics",
	booktitle = "International Forum on Computer Science-Technology and Applications, 2009. IFCSTA '09. Volume 3",
	year = "2009",
	publisher = "IEEE Computer Society",
	address = "Los Alamitos, CA",
	pages = "131--136"
}

@inproceedings{Heitlager07,
	author = "I. Heitlager and T. Kuipers and J. Visser",
	title = "A Practical Model for Measuring Maintainability",
	booktitle = "Sixth International Conference on the Quality of Information and Communications Technology (Quatic 2007)",
	year = "2007",
	publisher = "IEEE Computer Society Press",
	address = "Orlando, Florida",
	pages = "30--39"
}

@inproceedings{Franch98,
	author = "X. Franch and P. Botella",
	title = "Putting non-functional requirements into software architecture",
	booktitle = "Software Specification and Design (IWSSD9 '98), 9th International Workshop",
	publisher = "IEEE",
	address = "Piscawtaway, NJ",
	year = "1998",
	pages = "60--67"
}

@inproceedings{Dashofy02,
	author = "E. M. Dashofy and A. V. der Hoek and R. N. Taylor",
	title = "An Infrastructure for the Rapid Development of XML-based Architecture Description Languages",
	booktitle = "Proceedings of the Working IEEE/IFIP Conference on Software Architectures (WICSA 2001)",
	publisher = "ACM Press",
	address = "Amsterdam, Netherlands",
	year = "2002",
	pages = "266--276"
}

@article{Medvidovic07,
	author = "N. Medvidovic and E. M. Dashofy and R. N. Taylor",
	title = "Moving architectural description from under the technology lamppost. Information and Software Technology",
	journal = "Information and Software Technology",
	volume = "49",
	number = "1",
	year = "2007",
	pages = "12--31"
}

@misc{Sperberg00,
	author = "World Wide Web Consortium (W3C)",
	title = "XML Schema",
	howpublished = "\url{http://www.w3.org/XML/Schema.html}",
	month = "April",
	year = "2000"
}

@inproceedings{Feiler05,
	author = "P. H. Feiler and B. Lewis and S. Vestal and E. Colbert",
	title = "An Overview of the SAE Architecture Analysis & Design Language (AADL) Standard: A Basis for Model-Based Architecture-Driven Embedded Systems Engineering",
	booktitle = "Architecture Description Languages: IFIP International Federation for Information Processing",
	publisher = "Springer",
	address = "New York",
	year = "2005",
	pages = "3--15"
}

@inproceedings{Pessemier04,
	author = "N. Pessemier and L. Seinturier and L. Duchien",
	title = "Components, ADL & AOP: Towards a Common Approach",
	booktitle = "RAM-SE",
	publisher = "Fakultät für Informatik der Universität Magdeburg",
	address = "Magdeburg, Germany",
	year = "2004",
	pages = "61--69"
}

@inproceedings{Pinto03,
	author = "M. Pinto and L. Fuentes and J. M. Troya",
	title = "DAOP-ADL: An Architecture Description Language for Dynamic Component and Aspect-Based Development",
	booktitle = "Generative Programming and Component Engineering: Second International Conference, GPCE 2003",
	publisher = "Springer",
	address = "New York",
	year = "2003",
	pages = "118--137"
}

@inproceedings{Sousa03,
	author = "G. Sousa and I. J. Castro",
	title = "Adapting the NFR framework to aspect-oriented requirement engineering",
	booktitle = "XVII Brazilian Symposium on Software Engineering",
	year = "2003"
}

@inproceedings{Xu05,
	author = "L. Xu and H. Ziv and D. Richardson and Z. Liu",
	title = "Towards modeling non-functional requirements in software architecture",
	booktitle = "Proceedings of the Early Aspects: Aspect-Oriented Requirement Engineering and Architecture Design",
	address = "Chicago, IL",
	year = "2005"
}

@misc{Ruiz08,
	author = "J. J. Ruiz Morilla",
	title = "ISO 9126 vs. SQuaRE. ISO 9126 vs. SQuaRE",
	howpublished = "\url{http://alarcos.inf-cr.uclm.es/doc/cmsi/trabajos/Joaquin%20Ruiz.pdf}",
	month = "January",
	year = "2008"
}

@book{ISO09,
	editor = "ISO/IEC JTC1/SC7/WG6",
	title = "ISO/IEC FCD 25010: Systems and software engineering – Software product Quality Requirements and Evaluation (SQuaRE) – Quality models for software product quality and system quality in use",
	publisher = "Department of Industrial and Management Systems Eng. Waseda University",
	year = "2009"
}

@article{Chitchyan09,
	author = "R. Chitchyan and M. Pinto and S. S. Khan",
	title = "Report on early aspects at ICSE 2009: workshop on aspect-oriented requirements engineering and architecture design",
	journal = "ACM SIGSOFT Software Engineering Notes",
	volume = "34",
	number = "5",
	year = "2009",
	pages = "30--35"
}

@book{Lozano10,
	author = "J. A. Lozano and A. F. Tornés",
	title = "Requirements Engineering with Aspects: Applying Aspect Orientation to Requirements in Software Development",
	publisher = "Lambert Academic Publishing",
	address = "Newark",
	year = "2010"
}

@inproceedings{Baheri07,
	author = "H. Bagheri and H. C. Esfahani and S. H. Mirian Hosseinabadi",
	title = "An Aspect Enhanced Method of NFR Modeling in Software Architecture",
	booktitle = "10th International Conference on Information Technology, (ICIT 2007)",
	publisher = "IEEE",
	address = "Orissa",
	year = "2007",
	pages = "240--242"
}

@inproceedings{Zhang07,
	author = "J. Zhang and F. Li and Y. Zhang and L. Wang",
	title = "Non-Functional Attributes Modeling in Software Architecture",
	booktitle = "Proceedings of the Eighth ACIS International Conference on Software Engineering, Artificial Intelligence, Networking, and Parallel/Distributed Computing - Volume 02",
	publisher = "IEEE Computer Society",
	address = "Washington, DC",
	year = "2007",
	pages = "149--153"
}

@inproceedings{Suleiman08,
	author = "B. Suleiman and V. Tosic and E. Aliev",
	title = "Non-Functional Property Specifications for WRIGHT ADL",
	booktitle = "2008 IEEE 8th International Conference on Computer and Information Technology",
	publisher = "IEEE",
	address = "Sydney",
	year = "2008",
	pages = "766--771"
}

@incollection{Jurgens02,
	author = "J. Jürjens",
	title = "UMLsec: Extending UML for Secure Systems Development",
	booktitle = "«UML» 2002 — The Unified Modeling Language",
	series = "Lecture Notes in Computer Science",
	editor = "Jézéquel, J.- M., Hussmann, H., and Cook, S.",
	publisher = "Springer",
	volume = "2460",
	year = "2002",
	pages = "1--9"
}

@incollection{Gruhn04,
	author = "V. Gruhn and C. Schäfer",
	title = "An Architecture Description Language for Mobile Distributed Systems",
	booktitle = "Software Architecture",
	series = "Lecture Notes in Computer Science",
	editor = "Oquendo, Flavio and Warboys, Brian and Morrison, Ron",
	publisher = "Springer",
	volume = "3047",
	year = "2004"
	pages = "212--218"
}

@misc{Merson07,
	author = "P. Merson",
	title = "Using Aspect-Oriented Programming to Enforce Architecture",
	publisher = "Software Engineering Institute",
	howpublished = "\url{http://www.sei.cmu.edu/library/ abstracts/reports/07tn019.cfm}",
	month = "September",
	year = "2007"
}

@article{Chen09,
	author = "J. Chen and S. Huang",
	title = "An empirical analysis of the impact of software development problem factors on software maintainability",
	journal = "Journal of Systems and Software",
	volume = "82",
	number = "6",
	year = "2009",
	pages = "981--992"
}